<?xml version="1.0" encoding="UTF-8"?><record xmlns="http://www.loc.gov/MARC21/slim" xmlns:cinclude="http://apache.org/cocoon/include/1.0" xmlns:zs="http://www.loc.gov/zing/srw/">
  <leader>01093nz  a2200241n  4500</leader>
  <controlfield tag="001">nb2014002769</controlfield>
  <controlfield tag="003">DLC</controlfield>
  <controlfield tag="005">20140204050902.0</controlfield>
  <controlfield tag="008">140203n| azannaabn          |a ana      </controlfield>
  <datafield tag="010" ind1=" " ind2=" ">
    <subfield code="a">nb2014002769</subfield>
  </datafield>
  <datafield tag="035" ind1=" " ind2=" ">
    <subfield code="a">(Uk)008947963</subfield>
  </datafield>
  <datafield tag="040" ind1=" " ind2=" ">
    <subfield code="a">Uk</subfield>
    <subfield code="b">eng</subfield>
    <subfield code="e">rda</subfield>
    <subfield code="c">Uk</subfield>
  </datafield>
  <datafield tag="046" ind1=" " ind2=" ">
    <subfield code="s">2001</subfield>
  </datafield>
  <datafield tag="110" ind1="2" ind2=" ">
    <subfield code="a">Trường Đại học Y tế Cộng cộng</subfield>
  </datafield>
  <datafield tag="368" ind1=" " ind2=" ">
    <subfield code="a">Universities and colleges--Departments</subfield>
    <subfield code="2">lcsh</subfield>
  </datafield>
  <datafield tag="370" ind1=" " ind2=" ">
    <subfield code="c">Vietnam</subfield>
    <subfield code="e">Hanoi (Vietnam)</subfield>
    <subfield code="2">naf</subfield>
  </datafield>
  <datafield tag="372" ind1=" " ind2=" ">
    <subfield code="a">Public health</subfield>
    <subfield code="a">Education</subfield>
    <subfield code="2">lcsh</subfield>
  </datafield>
  <datafield tag="377" ind1=" " ind2=" ">
    <subfield code="a">eng</subfield>
  </datafield>
  <datafield tag="410" ind1="2" ind2=" ">
    <subfield code="a">HSPH (University)</subfield>
  </datafield>
  <datafield tag="410" ind1="2" ind2=" ">
    <subfield code="a">Hanoi School of Public Health</subfield>
  </datafield>
  <datafield tag="670" ind1=" " ind2=" ">
    <subfield code="a">Compendium of research on reproductive health in Viet Nam for the period 2006-2010, 2012:</subfield>
    <subfield code="b">p.viii (Hanoi School of Public Health )</subfield>
  </datafield>
  <datafield tag="670" ind1=" " ind2=" ">
    <subfield code="a">Its website, viewed 3 February 2014</subfield>
    <subfield code="b">(Trường Đại học Y tế Cộng cộng; Hanoi School of Public Health)</subfield>
  </datafield>
  <datafield tag="670" ind1=" " ind2=" ">
    <subfield code="a">Wikipedia, viewed 14 February 2014</subfield>
    <subfield code="b">(Hanoi School Of Public Health is a University in Vietnam specializing in Public Health Training and Research. The Hanoi School of Public Health (HSPH) was founded in 2001 )</subfield>
  </datafield>
</record>